% This file was created with JabRef 2.8.1.
% Encoding: Cp1252

@MISC{MACD2,
  author = {Achelis, S. B.},
  title = {MACD},
  year = {2014},
  url = {http://www.metastock.com/Customer/Resources/TAAZ/default.aspx?c=3&p=66}
}

@BOOK{appel2005technical,
  title = {Technical Analysis: Power Tools for Active Investors : [new Techniques
	for Active Trading in the Stock Market!]},
  publisher = {Financial Times/Prentice Hall},
  year = {2005},
  author = {Appel, G.},
  series = {Financial Times Prentice Hall books},
  isbn = {9780131479029},
  lccn = {2004116766}
}

@BOOK{appel2007understanding,
  title = {Understanding Moving Average Convergence-divergence},
  publisher = {Traders Press},
  year = {2007},
  author = {Appel, G. and Dobson, E.},
  isbn = {9780934380928}
}

@ARTICLE{Atsalakis20095932,
  author = {Atsalakis, G. S. and Valavanis, K. P.},
  title = {Surveying stock market forecasting techniques – Part II: Soft computing
	methods },
  journal = {Expert Systems with Applications },
  year = {2009},
  volume = {36},
  pages = {5932 - 5941},
  number = {3}
}

@BOOK{beau1999day,
  title = {Day Trading Systems and Methods},
  publisher = {Marketplace Books},
  year = {1999},
  author = {Beau, C.L. and Lucas, D.W.},
  isbn = {9781883272272}
}

@BOOK{bigalow2011profitable,
  title = {Profitable Candlestick Trading: Pinpointing Market Opportunities
	to Maximize Profits},
  publisher = {Wiley},
  year = {2011},
  author = {Bigalow, S.W.},
  series = {Wiley Trading},
  isbn = {9781118005804}
}

@BOOK{box1970time,
  title = {Time series analysis: forecasting and control},
  publisher = {Holden-Day},
  year = {1970},
  author = {Box, G.E.P. and Jenkins, G.M.},
  lccn = {77079534}
}

@ARTICLE{Brock,
  author = {Brock, W. and Lakonishok, J. and LeBaron, B.},
  title = {Two Simple Technical Trading Rules and the Stochastic Properties
	of Stock Returns},
  journal = {Journal of Finance},
  year = {1992},
  volume = {47},
  pages = {1731-64},
  number = {5}
}

@BOOK{brown1963statistical,
  title = {Smoothing, forecasting and prediction of discrete time series},
  publisher = {Prentice-Hall},
  year = {1963},
  author = {Brown, R.G.},
  lccn = {63013271}
}

@BOOK{brown1959statistical,
  title = {Statistical forecasting for inventory control},
  publisher = {McGraw-Hill},
  year = {1959},
  author = {Brown, R.G.},
  lccn = {59009986}
}

@BOOK{bulkowski2011encyclopedia,
  title = {Encyclopedia of Chart Patterns},
  publisher = {Wiley},
  year = {2011},
  author = {Bulkowski, T.N.},
  series = {Wiley Trading},
  isbn = {9781118045855}
}

@BOOK{chande1994new,
  title = {The new technical trader: boost your profit by plugging into the
	latest indicators},
  publisher = {Wiley},
  year = {1994},
  author = {Chande, T.S. and Kroll, S.},
  series = {Wiley Finance},
  isbn = {9780471597803},
  lccn = {lc93036663}
}

@ARTICLE{chopra1992,
  author = {Chopra, N. and Lakonishok, J. and Ritter, J.},
  title = {Measuring abnormal performance Do stocks overreact?},
  journal = {Journal of Financial Economics },
  year = {1992},
  volume = {31},
  pages = {235 - 268}
}

@BOOK{covel2009trend,
  title = {Trend Following (Updated Edition): Learn to Make Millions in Up or
	Down Markets},
  publisher = {Pearson Education},
  year = {2009},
  author = {Covel, M.W.},
  isbn = {9780135094402}
}

@ARTICLE{Bondt,
  author = {De Bondt, W. and Thaler, R.},
  title = {Does the stock market overreact?},
  journal = {Journal of Finance },
  year = {1985},
  volume = {40},
  pages = {793 - 805},
  number = {0}
}

@ARTICLE{DeGooijer2006443,
  author = {De Gooijer, J. G. and Hyndman, R. J.},
  title = {25 years of time series forecasting },
  journal = {International Journal of Forecasting },
  year = {2006},
  volume = {22},
  pages = {443 - 473},
  number = {3}
}

@MISC{WMA2,
  author = {Devcic, J.},
  title = {Weighted Moving Averages: The Basics},
  year = {2010},
  note = {[Online; accessed 1-March-2014]},
  url = {http://www.investopedia.com/articles/technical/060401.asp}
}

@ARTICLE{Dueker2007,
  author = {Dueker, M. and Neely, C.J.},
  title = {Can Markov switching rules predict foreign exchange returns? },
  journal = {Journal of Banking and Finance },
  year = {2007},
  volume = {31},
  pages = {297 - 296}
}

@ARTICLE{EfronBootstrapping,
  author = {Efron, B.},
  title = {Bootstrap methods: Another look at the jackknife},
  journal = {The Annals of Statistics},
  year = {1979},
  volume = {71},
  pages = {1–26}
}

@BOOK{faith2007way,
  title = {Way of the Turtle: The Secret Methods that Turned Ordinary People
	into Legendary Traders},
  publisher = {McGraw-Hill Education},
  year = {2007},
  author = {Faith, C.},
  series = {McGraw Hill professional},
  isbn = {9780071509466}
}

@ARTICLE{Fatima20082742,
  author = {Fatima, S. and Hussain, G},
  title = {Statistical models of KSE100 index using hybrid financial systems
	},
  journal = {Neurocomputing },
  year = {2008},
  volume = {71},
  pages = {2742 - 2746},
  number = {13–15}
}

@ARTICLE{Friesen20091089,
  author = {Friesen, G. C. and Weller, P. A. and Dunham, L. M.},
  title = {Price trends and patterns in technical analysis - A theoretical and
	empirical examination},
  journal = {Journal of Banking and Finance},
  year = {2009},
  volume = {33},
  pages = {1089 - 1100},
  number = {6}
}

@ARTICLE{kelley2008,
  author = {Gutierrez Jr, R. and Kelley, E.},
  title = {The long-lasting momentum in weekly returns },
  journal = {Journal of Finance },
  year = {2008},
  volume = {63},
  pages = {415 – 447}
}

@BOOK{han2011data,
  title = {Data Mining: Concepts and Techniques: Concepts and Techniques},
  publisher = {Elsevier Science},
  year = {2011},
  author = {Han, J. and Kamber, M. and Pei, J.},
  isbn = {9780123814807},
  lccn = {2011010635}
}

@ARTICLE{Holt20045,
  author = {Holt, C. C.},
  title = {Forecasting seasonals and trends by exponentially weighted moving
	averages},
  journal = {International Journal of Forecasting },
  year = {2004},
  volume = {20},
  pages = {5 - 10},
  number = {1}
}

@ARTICLE{Hsu201114026,
  author = {Hsu, C.M.},
  title = {A hybrid procedure for stock price prediction by integrating self-organizing
	map and genetic programming },
  journal = {Expert Systems with Applications },
  year = {2011},
  volume = {38},
  pages = {14026 - 14036},
  number = {11}
}

@ARTICLE{Huang20052513,
  author = {Huang, W. and Nakamori, Y. and Wang, S-Y.},
  title = {Forecasting stock market movement direction with support vector machine
	},
  journal = {Computers and Operations Research },
  year = {2005},
  volume = {32},
  pages = {2513 - 2522},
  number = {10}
}

@ARTICLE{Hyndman08automatictime,
  author = {Hyndman, R. J and Yeasmin, K.},
  title = {Automatic time series forecasting: The forecast package for R},
  journal = {Journal of Statistical Software},
  year = {2008}
}

@ARTICLE{jegadeesh1990,
  author = {Jegadeesh, N.},
  title = {Evidence of predictable behavior of security returns },
  journal = {Journal of Finance },
  year = {1990},
  volume = {45},
  pages = {881 – 898}
}

@ARTICLE{jegadeesh1995,
  author = {Jegadeesh, N. and Titman, S.},
  title = {Overreaction, delayed reaction and contrarian profits },
  journal = {Review of Financial Studies },
  year = {1995},
  volume = {8},
  pages = { 973 – 993}
}

@ARTICLE{jegadeesh1993,
  author = {Jegadeesh, N. and Titman, S.},
  title = {Returns to buying winners and selling losers: Implications for stock
	market efficiency},
  journal = {Journal of Finance },
  year = {1993},
  volume = {48},
  pages = {65 - 91}
}

@BOOK{kaufman2013trading,
  title = {Trading Systems and Methods},
  publisher = {Wiley},
  year = {2013},
  author = {Kaufman, P.J.},
  isbn = {9781118222249},
  lccn = {2012031806}
}

@ARTICLE{Khashei2009956,
  author = {Khashei, M. and Bijari, M. and Ardali, G. A. R.},
  title = {Improvement of Auto-Regressive Integrated Moving Average models using
	Fuzzy logic and Artificial Neural Networks (ANNs) },
  journal = {Neurocomputing },
  year = {2009},
  volume = {72},
  pages = {956 - 967},
  number = {4–6}
}

@ARTICLE{Kriechbaumer201432,
  author = {Kriechbaumer, T. and Angus, A. and Parsons, D. and Casado, M. R.},
  title = {An improved wavelet–ARIMA approach for forecasting metal prices
	},
  journal = {Resources Policy },
  year = {2014},
  volume = {39},
  pages = {32 - 41},
  number = {0}
}

@BOOK{lane1986using,
  title = {Using Stochastics, Cycles and R.S.I.},
  year = {1986},
  author = {Lane, G.C.}
}

@ARTICLE{lehmann1990,
  author = {Lehmann, B.},
  title = {Fads, martingales and market efficiency },
  journal = {Quarterly Journal of Economics },
  year = {1990},
  volume = {105},
  pages = {1 – 28}
}

@INPROCEEDINGS{lmucs-papers:Leisch:2002,
  author = {Friedrich Leisch},
  title = {Sweave: Dynamic Generation of Statistical Reports Using Literate
	Data Analysis},
  booktitle = {Compstat 2002 --- Proceedings in Computational Statistics},
  year = {2002},
  editor = {Wolfgang H{\"a}rdle and Bernd R{\"o}nz},
  pages = {575--580},
  publisher = {Physica Verlag, Heidelberg},
  note = {ISBN 3-7908-1517-9},
  url = {http://www.stat.uni-muenchen.de/~leisch/Sweave}
}

@ARTICLE{levich1993,
  author = {Levich, R. and Thomas, L.},
  title = {The significance of technical trading rule profits in the foreign
	exchange market: A bootstrap approach },
  journal = {Journal of International Money and Finance },
  year = {1993},
  volume = {12},
  pages = {451 - 474}
}

@BOOK{malkiel1999random,
  title = {A Random Walk Down Wall Street: Including a Life-cycle Guide to Personal
	Investing},
  publisher = {Norton},
  year = {1999},
  author = {Malkiel, B.G.},
  isbn = {9780393047813}
}

@ARTICLE{Marshall20062303,
  author = {Marshall, B. R and Young, M. R. and Rose, L. C.},
  title = {Candlestick technical trading strategies: Can they create value for
	investors? },
  journal = {Journal of Banking and Finance },
  year = {2006},
  volume = {30},
  pages = {2303 - 2323},
  number = {8}
}

@ARTICLE{Menkhoff20102573,
  author = {Menkhoff, L.},
  title = {The use of technical analysis by fund managers: International evidence
	},
  journal = {Journal of Banking and Finance },
  year = {2010},
  volume = {34},
  pages = {2573 - 2586},
  number = {11}
}

@BOOK{mills2011,
  title = {The Foundations of Modern Time Series Analysis},
  publisher = {Palgrave Macmillan},
  year = {2011},
  author = {Mills, T. C.},
  isbn = {9780230290181},
  lccn = {2011005251}
}

@BOOK{morris2006candlestick,
  title = {Candlestick Charting Explained: Timeless Techniques for Trading stocks
	and Sutures},
  publisher = {McGraw-Hill Education},
  year = {2006},
  author = {Morris, G.L.},
  isbn = {9780071632171},
  lccn = {2005023347}
}

@BOOK{murphy1999technical,
  title = {Technical Analysis of the Financial Markets: A Comprehensive Guide
	to Trading Methods and Applications},
  publisher = {Penguin Group US},
  year = {1999},
  author = {Murphy, J.J.},
  isbn = {9781101659199}
}

@ARTICLE{neely1997,
  author = {Neely, C. J. and Weller, P. and Dittmar, R.},
  title = {Is technical analysis in the foreign exchange market profitable?
	A genetic programming approach },
  journal = {Journal of Financial and Quantitative Analysis },
  year = {1997},
  volume = {32},
  pages = {405 - 426}
}

@BOOK{nison2001japanese,
  title = {Japanese Candlestick Charting Techniques: A Contemporary Guide to
	the Ancient Investment Techniques of the Far East},
  publisher = {New York Institute of Finance},
  year = {2001},
  author = {Nison, S.},
  isbn = {9780735201811},
  lccn = {2001026704}
}

@ARTICLE{Ord20041,
  author = {Ord, K.},
  title = {Charles Holt's report on exponentially weighted moving averages:
	an introduction and appreciation },
  journal = {International Journal of Forecasting },
  year = {2004},
  volume = {20},
  pages = {1 - 3},
  number = {1}
}

@ARTICLE{Pai2005497,
  author = {Pai, P-F. and Lin, C-S.},
  title = {A hybrid ARIMA and support vector machines model in stock price forecasting
	},
  journal = {Omega },
  year = {2005},
  volume = {33},
  pages = {497 - 505},
  number = {6}
}

@ARTICLE{Qian20076180,
  author = {Qian, G. and Zhao, X.},
  title = {On time series model selection involving many candidate ARMA models
	},
  journal = {Computational Statistics and Data Analysis },
  year = {2007},
  volume = {51},
  pages = {6180 - 6196},
  number = {12}
}

@ARTICLE{Rojas2008519,
  author = {I. Rojas and O. Valenzuela and F. Rojas and A. Guillen and L.J. Herrera
	and H. Pomares and L. Marquez and M. Pasadas},
  title = {Soft-computing techniques and ARMA model for time series prediction},
  journal = {Neurocomputing},
  year = {2008},
  volume = {71},
  pages = {519 - 537},
  number = {4-6}
}

@ARTICLE{Rout20147,
  author = {Rout, M. and Majhi, B. and Majhi, R. and Panda, G.},
  title = {Forecasting of currency exchange rates using an adaptive ARMA model
	with differential evolution based training },
  journal = {Journal of King Saud University - Computer and Information Sciences
	},
  year = {2014},
  volume = {26},
  pages = {7 - 18},
  number = {1}
}

@BOOK{schwager2012new,
  title = {The New Market Wizards: Conversations with America's Top Traders},
  publisher = {HarperBusiness},
  year = {1994},
  author = {Schwager, J.D.},
  isbn = {978-0887306679}
}

@BOOK{schwager2012market,
  title = {Market Wizards: Interviews With Top Traders},
  publisher = {HarperCollins},
  year = {1988},
  author = {Schwager, J.D.},
  isbn = {978-0887306105}
}

@BOOK{shumway2010time,
  title = {Time Series Analysis and Its Applications: With R Examples},
  publisher = {Springer},
  year = {2010},
  author = {Shumway, R.H. and Stoffer, D.S.},
  isbn = {9781441978653}
}

@ARTICLE{Shynkevich2012193,
  author = {Shynkevich, A.},
  title = {Performance of technical analysis in growth and small cap segments
	of the US equity market },
  journal = {Journal of Banking and Finance },
  year = {2012},
  volume = {36},
  pages = {193 - 208},
  number = {1}
}

@ARTICLE{So2014212,
  author = {So, M. K. P. and Chung, R. S. W.},
  title = {Dynamic seasonality in time series },
  journal = {Computational Statistics and Data Analysis },
  year = {2014},
  volume = {70},
  pages = {212 - 226},
  number = {0}
}

@ARTICLE{sweeney182,
  author = {Sweeney, R.},
  title = {Beating the foreign exchange market },
  journal = {Journal of Finance },
  year = {1986},
  volume = {41},
  pages = {163 - 182}
}

@ARTICLE{Tan20103606,
  author = {Tan, Z. and Zhang, J. and Wang, J. and Xu, J.},
  title = {Day-ahead electricity price forecasting using wavelet transform combined
	with ARIMA and GARCH models},
  journal = {Applied Energy },
  year = {2010},
  volume = {87},
  pages = {3606 - 3610},
  number = {11}
}

@ARTICLE{TanakaYamawaki2007125,
  author = {Tanaka-Yamawaki, M. and Tokuoka, S.},
  title = {Adaptive use of technical indicators for the prediction of intra-day
	stock prices },
  journal = {Physica A: Statistical Mechanics and its Applications },
  year = {2007},
  volume = {383},
  pages = {125 - 133},
  number = {1}
}

@ARTICLE{Prodan2013214,
  author = {Ulku, N. and Prodan, E.},
  title = {Drivers of technical trend-following rules profitability in world
	stock markets},
  journal = {International Review of Financial Analysis},
  year = {2013},
  volume = {30},
  pages = {214 - 229}
}

@BOOK{weissman2005mechanical,
  title = {Mechanical Trading Systems: Pairing Trader Psychology with Technical
	Analysis},
  publisher = {Wiley},
  year = {2005},
  author = {Weissman, R.L.},
  isbn = {9780471654353},
  lccn = {2004015685}
}

@BOOK{wilder1978new,
  title = {New concepts in technical trading systems},
  publisher = {Trend Research},
  year = {1978},
  author = {Wilder, J.W.},
  isbn = {9780894590276},
  lccn = {78060759}
}

@BOOK{williams2011long,
  title = {Long-Term Secrets to Short-Term Trading},
  publisher = {Wiley},
  year = {2011},
  author = {Williams, L.},
  series = {Wiley Trading},
  isbn = {9781118184684},
  lccn = {2011032043}
}

@BOOK{williams1989definitive,
  title = {The definitive guide to futures trading},
  publisher = {Windsor Books},
  year = {1989},
  author = {Williams, L.},
  number = {v. 2},
  series = {The Definitive Guide to Futures Trading},
  isbn = {9780930233365},
  lccn = {91199989}
}

@ARTICLE{Winters1960,
  author = {Winters, P. R.},
  title = {Forecasting Sales by Exponentially Weighted Moving Averages},
  journal = {Management Science},
  year = {1960},
  volume = {6},
  pages = {324-342},
  number = {3}
}

@ARTICLE{Zhang2003159,
  author = {Zhang, G. P.},
  title = {Time series forecasting using a hybrid ARIMA and neural network model
	},
  journal = {Neurocomputing },
  year = {2003},
  volume = {50},
  pages = {159 - 175},
  number = {0}
}

@comment{jabref-meta: selector_review:}

@comment{jabref-meta: selector_publisher:}

@comment{jabref-meta: selector_author:}

@comment{jabref-meta: selector_journal:}

@comment{jabref-meta: selector_keywords:}

