// Bibtex file for MSc Dissertation 2014

// ---------------- Books -------------------------------
@book{murphy1999technical,
title="Technical Analysis of the Financial Markets: A Comprehensive Guide to Trading Methods and Applications",
author="Murphy, J.J.",
isbn="9781101659199",
year="1999",
publisher="Penguin Group US"
}

@book{malkiel1999random,
title= "A Random Walk Down Wall Street: Including a Life-cycle Guide to Personal Investing",
author= "Malkiel, B.G.",
isbn= "9780393047813",
year= "1999",
publisher= "Norton"
}

@book{covel2009trend,
  title="Trend Following (Updated Edition): Learn to Make Millions in Up or Down Markets",
  author="Covel, M.W.",
  isbn="9780135094402",
  year="2009",
  publisher="Pearson Education"
}

@book{schwager2012market,
  title="Market Wizards: Interviews With Top Traders",
  author="Schwager, J.D.",
  isbn="978-0887306105",
  year="1988",
  publisher="HarperCollins"
}

@book{schwager2012new,
  title="The New Market Wizards: Conversations with America's Top Traders",
  author="Schwager, J.D.",
  isbn="978-0887306679",
  year="1994",
  publisher="HarperBusiness"
}

@book{faith2007way,
  title="Way of the Turtle: The Secret Methods that Turned Ordinary People into Legendary Traders",
  author="Faith, C.",
  isbn="9780071509466",
  series="McGraw Hill professional",
  year="2007",
  publisher="McGraw-Hill Education"
}

@book{brown1959statistical,
  title="Statistical forecasting for inventory control",
  author="Brown, R.G.",
  lccn="59009986",
  year="1959",
  publisher="McGraw-Hill"
}

@book{brown1963statistical,
  title="Smoothing, forecasting and prediction of discrete time series",
  author="Brown, R.G.",
  lccn="63013271",
  year="1963",
  publisher="Prentice-Hall"
}

@book{box1970time,
  title="Time series analysis: forecasting and control",
  author="Box, G.E.P. and Jenkins, G.M.",
  lccn="77079534",
  year="1970",
  publisher="Holden-Day"
}

@book{han2011data,
  title={Data Mining: Concepts and Techniques: Concepts and Techniques},
  author={Han, J. and Kamber, M. and Pei, J.},
  isbn={9780123814807},
  lccn={2011010635},
  year={2011},
  publisher={Elsevier Science}
}

@book{mills2011,
  title={The Foundations of Modern Time Series Analysis},
  author={Mills, T. C.},
  isbn={9780230290181},
  lccn={2011005251},
  year={2011},
  publisher={Palgrave Macmillan}
}

@book{CoghlanR,
title = {Little Book of R for Time Series!},
author = {Coghlan, A},
url = {http://http://a-little-book-of-r-for-time-series.readthedocs.org/en/latest/}
}

@book{beau1999day,
  title={Day Trading Systems and Methods},
  author={Beau, C.L. and Lucas, D.W.},
  isbn={9781883272272},
  year={1999},
  publisher={Marketplace Books}
}

@book{kaufman2013trading,
  title={Trading Systems and Methods},
  author={Kaufman, P.J.},
  isbn={9781118222249},
  lccn={2012031806},
  year={2013},
  publisher={Wiley}
}

@book{weissman2005mechanical,
  title={Mechanical Trading Systems: Pairing Trader Psychology with Technical Analysis},
  author={Weissman, R.L.},
  isbn={9780471654353},
  lccn={2004015685},
  year={2005},
  publisher={Wiley}
}

@book{nison2001japanese,
  title={Japanese Candlestick Charting Techniques: A Contemporary Guide to the Ancient Investment Techniques of the Far East},
  author={Nison, S.},
  isbn={9780735201811},
  lccn={2001026704},
  year={2001},
  publisher={New York Institute of Finance}
}

@book{morris2006candlestick,
  title={Candlestick Charting Explained: Timeless Techniques for Trading stocks and Sutures},
  author={Morris, G.L.},
  isbn={9780071632171},
  lccn={2005023347},
  year={2006},
  publisher={McGraw-Hill Education}
}

@book{bigalow2011profitable,
  title={Profitable Candlestick Trading: Pinpointing Market Opportunities to Maximize Profits},
  author={Bigalow, S.W.},
  isbn={9781118005804},
  series={Wiley Trading},
  year={2011},
  publisher={Wiley}
}

@book{bulkowski2011encyclopedia,
  title={Encyclopedia of Chart Patterns},
  author={Bulkowski, T.N.},
  isbn={9781118045855},
  series={Wiley Trading},
  year={2011},
  publisher={Wiley}
}

@book{shumway2010time,
  title={Time Series Analysis and Its Applications: With R Examples},
  author={Shumway, R.H. and Stoffer, D.S.},
  isbn={9781441978653},
  year={2010},
  publisher={Springer}
}
  
  @book{wilder1978new,
    title={New concepts in technical trading systems},
    author={Wilder, J.W.},
    isbn={9780894590276},
    lccn={78060759},
    year={1978},
    publisher={Trend Research}
}

@book{appel2005technical,
  title={Technical Analysis: Power Tools for Active Investors : [new Techniques for Active Trading in the Stock Market!]},
  author={Appel, G.},
  isbn={9780131479029},
  lccn={2004116766},
  series={Financial Times Prentice Hall books},
  year={2005},
  publisher={Financial Times/Prentice Hall}
}

@book{lane1986using,
  title={Using Stochastics, Cycles and R.S.I.},
  author={Lane, G.C.},
  year={1986}
}

@book{williams2011long,
  title={Long-Term Secrets to Short-Term Trading},
  author={Williams, L.},
  isbn={9781118184684},
  lccn={2011032043},
  series={Wiley Trading},
  year={2011},
  publisher={Wiley}
}

@book{williams1989definitive,
  title={The definitive guide to futures trading},
  author={Williams, L.},
  number={v. 2},
  isbn={9780930233365},
  lccn={91199989},
  series={The Definitive Guide to Futures Trading},
  year={1989},
  publisher={Windsor Books}
}

@book{chande1994new,
  title={The new technical trader: boost your profit by plugging into the latest indicators},
  author={Chande, T.S. and Kroll, S.},
  isbn={9780471597803},
  lccn={lc93036663},
  series={Wiley Finance},
  year={1994},
  publisher={Wiley}
}
// ------------------- Online ----------------------------

@misc{WMA2,
author = "Devcic, J.",
title = "Weighted Moving Averages: The Basics",
year = "2010",
url = "http://www.investopedia.com/articles/technical/060401.asp",
note = "[Online; accessed 1-March-2014]"
}

@misc{MACD2,
author = "Achelis, S. B.",
title = "MACD",
year = "2014",
url = "http://www.metastock.com/Customer/Resources/TAAZ/default.aspx?c=3&p=66"
}

// -------------------------------------------------------
@inproceedings{lmucs-papers:Leisch:2002,
  author = {Friedrich Leisch},
  title = {Sweave: Dynamic Generation of Statistical Reports Using Literate Data Analysis},
  booktitle = {Compstat 2002 --- Proceedings in Computational Statistics},
  pages = {575--580},
  year = 2002,
  editor = {Wolfgang H{\"a}rdle and Bernd R{\"o}nz},
  publisher = {Physica Verlag, Heidelberg},
  note = {ISBN 3-7908-1517-9},
  url = {http://www.stat.uni-muenchen.de/~leisch/Sweave}
}

// ---------------- Manuals -------------------------------
@Manual{stargazer,
title = "stargazer: LaTeX code and ASCII text for well-formatted regression and summary statistics tables",
author = "Hlavac, M",
year = "2013",
note = "R package version 4.5.3",
organization = "Harvard University",
address = "Cambridge, USA",
url = "http://CRAN.R-project.org/package=stargazer"
}

@book{appel2007understanding,
  title={Understanding Moving Average Convergence-divergence},
  author={Appel, G. and Dobson, E.},
  isbn={9780934380928},
  year={2007},
  publisher={Traders Press}
}

// ---------------- Articles -------------------------------
@ARTICLE{Hyndman08automatictime,
    author = {Hyndman, R. J and Yeasmin, K.},
    title = {Automatic time series forecasting: The forecast package for R},
    journal = {Journal of Statistical Software},
    year = {2008}
}

@article{Hsu201114026,
title = "A hybrid procedure for stock price prediction by integrating self-organizing map and genetic programming ",
journal = "Expert Systems with Applications ",
volume = "38",
number = "11",
pages = "14026 - 14036",
year = "2011",
author = "Hsu, C.M."
}

@ARTICLE{Prodan2013214,
title = "Drivers of technical trend-following rules profitability in world stock markets",
journal = "International Review of Financial Analysis",
year = "2013",
volume = "30",
pages = "214 - 229",
author = "Ulku, N. and Prodan, E."
}

@article{TanakaYamawaki2007125,
title = "Adaptive use of technical indicators for the prediction of intra-day stock prices ",
journal = "Physica A: Statistical Mechanics and its Applications ",
volume = "383",
number = "1",
pages = "125 - 133",
year = "2007",
author = "Tanaka-Yamawaki, M. and Tokuoka, S."
}

@article{Schulmeister2009190,
title = "Profitability of technical stock trading: Has it moved from daily to intraday data? ",
journal = "Review of Financial Economics ",
volume = "18",
number = "4",
pages = "190 - 201",
year = "2009",
author = "Schulmeister, S."
}

// Not Have
@article{Zhu2009519,
title = "Technical analysis: An asset allocation perspective on the use of moving averages ",
journal = "Journal of Financial Economics ",
volume = "92",
number = "3",
pages = "519 - 544",
year = "2009",
note = "",
author = "Zhu, Y. and Zhou, G."
}

// Not Have
@article{Friesen20091089,
title = "Price trends and patterns in technical analysis - A theoretical and empirical examination",
journal = "Journal of Banking and Finance",
volume = "33",
number = "6",
pages = "1089 - 1100",
year = "2009",
author = "Friesen, G. C. and Weller, P. A. and Dunham, L. M."
}

@article{Fiess2002353,
title = "Towards the fundamentals of technical analysis: analysing the information content of High, Low and Close prices ",
journal = "Economic Modelling ",
volume = "19",
number = "3",
pages = "353 - 374",
year = "2002",
author = "Fiess, N. M. and MacDonald, R."
}

@article{Shynkevich2012193,
title = "Performance of technical analysis in growth and small cap segments of the US equity market ",
journal = "Journal of Banking and Finance ",
volume = "36",
number = "1",
pages = "193 - 208",
year = "2012",
author = "Shynkevich, A."
}

@article{Marshall2005384,
title = "Is technical analysis profitable on a stock market which has characteristics that suggest it may be inefficient? ",
journal = "Research in International Business and Finance ",
volume = "19",
number = "3",
pages = "384 - 398",
year = "2005",
author = "Marshall, B. R. and Cahan, R. H."
}

@article{Reitz2006121,
title = "On the predictive content of technical analysis ",
journal = "The North American Journal of Economics and Finance ",
volume = "17",
number = "2",
pages = "121 - 137",
year = "2006",
author = "Reitz, S."
}

@article{Marshall20062303,
title = "Candlestick technical trading strategies: Can they create value for investors? ",
journal = "Journal of Banking and Finance ",
volume = "30",
number = "8",
pages = "2303 - 2323",
year = "2006",
author = "Marshall, B. R and Young, M. R. and Rose, L. C."
}

@article{Chavarnakul20081004,
title = "Intelligent technical analysis based equivolume charting for stock trading using neural networks ",
journal = "Expert Systems with Applications ",
volume = "34",
number = "2",
pages = "1004 - 1017",
year = "2008",
author = "Chavarnakul, T. and Enke, D."
}

@article{Enke2005927,
title = "The use of data mining and neural networks for forecasting stock market returns ",
journal = "Expert Systems with Applications ",
volume = "29",
number = "4",
pages = "927 - 940",
year = "2005",
author = "Enke, D. and Thawornwong, S."
}

@article{Sullivan2001249,
title = "Dangers of data mining: The case of calendar effects in stock returns ",
journal = "Journal of Econometrics ",
volume = "105",
number = "1",
pages = "249 - 286",
year = "2001",
author = "Sullivan, R. and Timmermann, A. and White, H."
}

@article{Lin201111347,
title = "Intelligent stock trading system based on improved technical analysis and Echo State Network ",
journal = "Expert Systems with Applications ",
volume = "38",
number = "9",
pages = "11347 - 11354",
year = "2011",
author = "Lin, X. and Yang, Z. and Song, Y."
}

@article{Marshall2005384,
title = "Is technical analysis profitable on a stock market which has characteristics that suggest it may be inefficient? ",
journal = "Research in International Business and Finance ",
volume = "19",
number = "3",
pages = "384 - 398",
year = "2005",
author = "Marshall, B. R. and Cahan, R. H."
}

@article{Atsalakis20095932,
title = "Surveying stock market forecasting techniques – Part II: Soft computing methods ",
journal = "Expert Systems with Applications ",
volume = "36",
number = "3",
pages = "5932 - 5941",
year = "2009",
author = "Atsalakis, G. S. and Valavanis, K. P."
}

@Article{Brock,
author= "Brock, W. and Lakonishok, J. and LeBaron, B.",
title= "Two Simple Technical Trading Rules and the Stochastic Properties of Stock Returns",
journal= "Journal of Finance",
year= "1992",
volume= "47",
number= "5",
pages="1731-64",
}

@article{Marshall2008199,
title = "Does intraday technical analysis in the U.S. equity market have value? ",
journal = "Journal of Empirical Finance ",
volume = "15",
number = "2",
pages = "199 - 210",
year = "2008",
author = "Marshall, B. R. and Cahan, R. H. and Cahan, J. M."
}

@article{Chen2009580,
title = "The impact of data snooping on the testing of technical analysis: An empirical study of Asian stock markets ",
journal = "Journal of Asian Economics ",
volume = "20",
number = "5",
pages = "580 - 591",
year = "2009",
author = "Chen, C-W. and Huang, C-S. and Lai, H-W."
}

@article{Menkhoff20102573,
title = "The use of technical analysis by fund managers: International evidence ",
journal = "Journal of Banking and Finance ",
volume = "34",
number = "11",
pages = "2573 - 2586",
year = "2010",
author = "Menkhoff, L."
}

@article{Huang20052513,
title = "Forecasting stock market movement direction with support vector machine ",
journal = "Computers and Operations Research ",
volume = "32",
number = "10",
pages = "2513 - 2522",
year = "2005",
author = "Huang, W. and Nakamori, Y. and Wang, S-Y."
}

@article{Kim2003307,
title = "Financial time series forecasting using support vector machines ",
journal = "Neurocomputing ",
volume = "55",
number = "1–2",
pages = "307 - 319",
year = "2003",
author = "Kim, K-J."
}

@article{Hsu20097947,
title = "A two-stage architecture for stock price forecasting by integrating self-organizing map and support vector regression ",
journal = "Expert Systems with Applications",
volume = "36",
number = "4",
pages = "7947 - 7951",
year = "2009",
author = "Hsu, S-H and Hsieh, J. and Chih, T-C. and Hsu, K-C."
}

@article{DUrso20132114,
title = "Clustering of financial time series ",
journal = "Physica A: Statistical Mechanics and its Applications ",
volume = "392",
number = "9",
pages = "2114 - 2129",
year = "2013",
author = "D’Urso, P. and Cappelli, C. and Di Lallo, D.  and Massari, R."
}

@article{DeGooijer2006443,
title = "25 years of time series forecasting ",
journal = "International Journal of Forecasting ",
volume = "22",
number = "3",
pages = "443 - 473",
year = "2006",
author = "De Gooijer, J. G. and Hyndman, R. J."
}

@article{Fatima20082742,
title = "Statistical models of KSE100 index using hybrid financial systems ",
journal = "Neurocomputing ",
volume = "71",
number = "13–15",
pages = "2742 - 2746",
year = "2008",
author = "Fatima, S. and Hussain, G"
}

@article{Khashei2009956,
title = "Improvement of Auto-Regressive Integrated Moving Average models using Fuzzy logic and Artificial Neural Networks (ANNs) ",
journal = "Neurocomputing ",
volume = "72",
number = "4–6",
pages = "956 - 967",
year = "2009",
author = "Khashei, M. and Bijari, M. and Ardali, G. A. R.",
}

@article{Fu2011164,
title = "A review on time series data mining ",
journal = "Engineering Applications of Artificial Intelligence ",
volume = "24",
number = "1",
pages = "164 - 181",
year = "2011",
author = "Fu, T-C."
}

@article{WarrenLiao20051857,
title = "Clustering of time series data—a survey ",
journal = "Pattern Recognition ",
volume = "38",
number = "11",
pages = "1857 - 1874",
year = "2005",
author = "Liao, T. W. "
}

@article{So2014212,
title = "Dynamic seasonality in time series ",
journal = "Computational Statistics and Data Analysis ",
volume = "70",
number = "0",
pages = "212 - 226",
year = "2014",
author = "So, M. K. P. and Chung, R. S. W."
}

@article{Yu2009563,
title = "A neural-network-based nonlinear metamodeling approach to financial time series forecasting ",
journal = "Applied Soft Computing ",
volume = "9",
number = "2",
pages = "563 - 574",
year = "2009",
author = "Yu, L. and Wang, S. and Keung Lai, K. K. "
}

@article{Kriechbaumer201432,
title = "An improved wavelet–ARIMA approach for forecasting metal prices ",
journal = "Resources Policy ",
volume = "39",
number = "0",
pages = "32 - 41",
year = "2014",
author = "Kriechbaumer, T. and Angus, A. and Parsons, D. and Casado, M. R."
}

@article{Alon2001147,
title = "Forecasting aggregate retail sales:: a comparison of artificial neural networks and traditional methods ",
journal = "Journal of Retailing and Consumer Services ",
volume = "8",
number = "3",
pages = "147 - 156",
year = "2001",
author = "Alon, I. and Qi, M. and Sadowski, R. J."
}

@article{Khashei20124344,
title = "A new class of hybrid models for time series forecasting ",
journal = "Expert Systems with Applications ",
volume = "39",
number = "4",
pages = "4344 - 4357",
year = "2012",
author = "Khashei, M and Bijari, M."
}

@article{Khashei2010479,
title = "An artificial neural network (p, d, q) model for timeseries forecasting ",
journal = "Expert Systems with Applications ",
volume = "37",
number = "1",
pages = "479 - 489",
year = "2010",
author = "Khashei, K and Bijari, M."
}

@article{Aladag20091467,
title = "Forecasting nonlinear time series with a hybrid methodology ",
journal = "Applied Mathematics Letters ",
volume = "22",
number = "9",
pages = "1467 - 1470",
year = "2009",
author = "Aladag, C. H. and Egrioglu, E. and Kadilar, C."
}

@article{Mohammadi20101001,
title = "International evidence on crude oil price dynamics: Applications of ARIMA-GARCH models ",
journal = "Energy Economics ",
volume = "32",
number = "5",
pages = "1001 - 1008",
year = "2010",
author = "Mohammadi, H. and Su, L."
}

@article{Hou2012618,
title = "A nonparametric GARCH model of crude oil price return volatility ",
journal = "Energy Economics ",
volume = "34",
number = "2",
pages = "618 - 626",
year = "2012",
author = "Hou, A. and Suardi, S."
}

@article{Agnolucci2009316,
title = "Volatility in crude oil futures: A comparison of the predictive ability of GARCH and implied volatility models ",
journal = "Energy Economics ",
volume = "31",
number = "2",
pages = "316 - 321",
year = "2009",
author = "Agnolucci, P."
}

@article{Kang2009119,
title = "Forecasting volatility of crude oil markets ",
journal = "Energy Economics ",
volume = "31",
number = "1",
pages = "119 - 125",
year = "2009",
author = "Kang, S. H. and Kang, S-M. and Yoon, S-M."
}

@article{Sadorsky2006467,
title = "Modeling and forecasting petroleum futures volatility ",
journal = "Energy Economics ",
volume = "28",
number = "4",
pages = "467 - 488",
year = "2006",
author = "Sadorsky, P."
}

@article{Wang2012758,
title = "Stock index forecasting based on a hybrid model ",
journal = "Omega ",
volume = "40",
number = "6",
pages = "758 - 766",
year = "2012",
author = "Wang, J-J. and Wang, J-Z. and Zhang, Z-G. and Guo, S-P.",
}

@article{Chang20116070,
title = "Trend discovery in financial time series data using a case based fuzzy decision tree ",
journal = "Expert Systems with Applications ",
volume = "38",
number = "5",
pages = "6070 - 6080",
year = "2011",
author = "Chang, P-C. and Fan, C-Y. and Lin, J-L."
}

@article{Lai20093761,
title = "Evolving and clustering fuzzy decision tree for financial time series data forecasting ",
journal = "Expert Systems with Applications ",
volume = "36",
number = "2, Part 2",
pages = "3761 - 3773",
year = "2009",
author = "Lai, R. K. and Fan, C-Y. and Huang, W-H. and Chang, P-C."
}

@article{Maia2011740,
title = "Holt’s exponential smoothing and neural network models for forecasting interval-valued time series ",
journal = "International Journal of Forecasting ",
volume = "27",
number = "3",
pages = "740 - 759",
year = "2011",
author = "Maia, A. L. S. and de Carvalho, F. A. T."
}

@article{Maia20083344,
title = "Forecasting models for interval-valued time series ",
journal = "Neurocomputing ",
volume = "71",
number = "16–18",
pages = "3344 - 3352",
year = "2008",
author = "Maia, A. L. S. and de Carvalho, F. A. T. and  Ludermir, T. B."
}

// Not Have
@article{Markowitz,
title = "Portfolio Selection",
journal = "The Journal of Finance",
volume = "1",
number = "1",
pages = "77–91",
year = "1952",
author = "Markowitz, H.M."
}

@article{Tobin,
title = "Liquidity Preference as Behavior Towards Risk",
journal = "Review of Economic Studies",
volume = "25",
number = "1",
pages = "65–86",
year = "1958",
author = "Tobin, J"
}

// Not Have
@article{EfronBootstrapping,
title = "Bootstrap methods: Another look at the jackknife",
journal = "The Annals of Statistics",
volume = "71",
pages = "1–26",
year = "1979",
author = "Efron, B."
}

// NOT HAVE ??
@article{Holt20045,
title = "Forecasting seasonals and trends by exponentially weighted moving averages",
journal = "International Journal of Forecasting ",
volume = "20",
number = "1",
pages = "5 - 10",
year = "2004",
author = "Holt, C. C.",
}

//Holt, C. C. (1957). Forecasting seasonals and trends by exponentially
//weighted averages. O.N.R. Memorandum 52/1957, Carnegie Institute of Technology. 
//Reprinted with discussion 2004. International Journal of Forecasting, 20, 5 – 13.

@article{Winters1960,
author = "Winters, P. R.",
title = "Forecasting Sales by Exponentially Weighted Moving Averages",
journal = "Management Science",
volume = "6",
number = "3",
pages = "324-342",
year = "1960"
}

@article{Engle,
author = "Engle, R. F.",
title = "Autoregressive conditional heteroscedasticity with estimates of the variance of the United Kingdom inflation",
journal = "Econometrica",
volume = "50",
number = "4",
pages = "987-1008",
year = "1982"
}

// -------------- NOT HAVE --------------------
@article{TaylorGARCH,
author = "Taylor, S. J.",
title = "Forecasting the volatility of currency exchange rates",
journal = "International Journal of Forecasting",
volume = "3",
number = "1",
pages = "159-170",
year = "1987"
}

@article{BollerslevGARCH,
author = "Bollerslev, T. and Chou, R. Y. and Kroner, K. F.",
title = "ARCH modeling in finance: A review of the theory and empirical evidence",
journal = "Journal of Econometrics",
volume = "52",
number = "1-2",
pages = "5-59",
year = "1992"
}

@article{Rout20147,
title = "Forecasting of currency exchange rates using an adaptive ARMA model with differential evolution based training ",
journal = "Journal of King Saud University - Computer and Information Sciences ",
volume = "26",
number = "1",
pages = "7 - 18",
year = "2014",
author = "Rout, M. and Majhi, B. and Majhi, R. and Panda, G."
}

@ARTICLE{Rojas2008519,
  author = "I. Rojas and O. Valenzuela and F. Rojas and A. Guillen and L.J. Herrera and H. Pomares and L. Marquez and M. Pasadas",
  title = "Soft-computing techniques and ARMA model for time series prediction",
  journal = "Neurocomputing",
  year = "2008",
  volume = "71",
  pages = "519 - 537",
  number = "4-6",
}

@article{Qian20076180,
title = "On time series model selection involving many candidate ARMA models ",
journal = "Computational Statistics and Data Analysis ",
volume = "51",
number = "12",
pages = "6180 - 6196",
year = "2007",
author = "Qian, G. and Zhao, X.",
}

@article{Tan20103606,
title = "Day-ahead electricity price forecasting using wavelet transform combined with ARIMA and GARCH models",
journal = "Applied Energy ",
volume = "87",
number = "11",
pages = "3606 - 3610",
year = "2010",
author = "Tan, Z. and Zhang, J. and Wang, J. and Xu, J."
}

@article{Pai2005497,
title = "A hybrid ARIMA and support vector machines model in stock price forecasting ",
journal = "Omega ",
volume = "33",
number = "6",
pages = "497 - 505",
year = "2005",
author = "Pai, P-F. and Lin, C-S."
}

@article{Zhang2003159,
title = "Time series forecasting using a hybrid ARIMA and neural network model ",
journal = "Neurocomputing ",
volume = "50",
number = "0",
pages = "159 - 175",
year = "2003",
author = "Zhang, G. P."
}

@article{Bondt,
title = "Does the stock market overreact?",
journal = "Journal of Finance ",
volume = "40",
number = "0",
pages = "793 - 805",
year = "1985",
author = "De Bondt, W. and Thaler, R."
}

@article{chopra1992,
 author = "Chopra, N. and Lakonishok, J. and Ritter, J.",
 title = "Measuring abnormal performance Do stocks overreact?" ,
 journal = "Journal of Financial Economics ",
 year = "1992",
 volume = "31",
 pages = "235 - 268"
}

@article{jegadeesh1993,
 author = "Jegadeesh, N. and Titman, S.",
 title = "Returns to buying winners and selling losers: Implications for stock market efficiency",
 year = 1993,
 journal = "Journal of Finance ",
  volume = "48",
  pages = "65 - 91"
}

@article{jegadeesh1990,
 author = "Jegadeesh, N.",
 title = "Evidence of predictable behavior of security returns ",
 journal = "Journal of Finance ",
 volume = "45", 
 pages = "881 – 898",
 year = "1990"
}

@article{lehmann1990,
 author = "Lehmann, B.",
 title = "Fads, martingales and market efficiency ",
 journal = "Quarterly Journal of Economics ",
 volume = "105",
 pages = "1 – 28",
 year = "1990"
}

@article{jegadeesh1995,
 author = "Jegadeesh, N. and Titman, S.",
 title = "Overreaction, delayed reaction and contrarian profits ",
 journal = "Review of Financial Studies ",
 volume = "8",
 pages = " 973 – 993",
 year = "1995"
}

@article{kelley2008,
 author = "Gutierrez Jr, R. and Kelley, E.",
 title = "The long-lasting momentum in weekly returns ",
 journal = "Journal of Finance ",
 volume = "63",
 pages = "415 – 447",
 year = "2008"
}

@article{sweeney182,
 author = "Sweeney, R.",
 title = "Beating the foreign exchange market ",
 journal = "Journal of Finance ",
 volume = "41",
 pages = "163 - 182",
 year = "1986"
}

@article{levich1993,
 author = "Levich, R. and Thomas, L.",
 title = "The significance of technical trading rule profits in the foreign exchange market: A bootstrap approach ",
 journal = "Journal of International Money and Finance ",
 volume = "12",
 year = "1993",
 pages = "451 - 474"
}

@article{neely1997,
 author = "Neely, C. J. and Weller, P. and Dittmar, R.",
 title = "Is technical analysis in the foreign exchange market profitable? A genetic programming approach ",
 journal = "Journal of Financial and Quantitative Analysis ",
 volume = "32",
 year = "1997",
 pages = "405 - 426"
}

@article{Dueker2007,
 author = "Dueker, M. and  Neely, C.J.",
 title = "Can Markov switching rules predict foreign exchange returns? ",
 journal = "Journal of Banking and Finance ",
 volume = "31",
 year = "2007",
 pages = "297 - 296"
}

@article{Ord20041,
title = "Charles Holt's report on exponentially weighted moving averages: an introduction and appreciation ",
journal = "International Journal of Forecasting ",
volume = "20",
number = "1",
pages = "1 - 3",
year = "2004",
author = "Ord, K.",
}