% cb2Bib 1.4.9
@article{Friesen09p1089,
title        = {{Price trends and patterns in technical analysis: A theoretical and empirical examination}},
author       = {G. C. Friesen and P. A. Weller and L. M. Dunham},
journal      = {Journal of Banking and Finance},
pages        = {1089 - 1100},
volume       = {33},
number       = {6},
year         = {2009},
issn         = {0378-4266},
doi          = {10.1016/j.jbankfin.2008.12.010},
file         = {D:/Allan/DropBox/MSc/Dissertation/Thesis/Papers/Chapter3/Trading Systems/Friesen20091089 - Price trends and patterns in technical analysis A theoretical and empirical examination.pdf},
url          = {http://dx.doi.org/10.1016/j.jbankfin.2008.12.010}
}

